@online{finitely_generated_abelian_group,
author = "Wikipedia",
title = "Finitely generated abelian group",
url = "https://en.wikipedia.org/wiki/Finitely_generated_abelian_group"
}
