@online{essential_extension,
author = "Wikipedia",
title = "Essential extension",
url = "https://en.wikipedia.org/wiki/Essential_extension"
}

@online{quasiregular_element,
author = "Wikipedia",
title = "Quasiregular element",
url = "https://en.wikipedia.org/wiki/Quasiregular_element"
}

@online{socle_of_a_module,
author = "Wikipedia",
title = "Socle of a module",
url = "https://en.wikipedia.org/wiki/Socle_(mathematics)#Socle_of_a_module"
}

@online{radical_of_a_module,
author = "Wikipedia",
title = "Radical of a module",
url = "https://en.wikipedia.org/wiki/Radical_of_a_module"
}

@online{jacobson_radical,
author = "Wikipedia",
title = "Jacobson radical",
url = "https://en.wikipedia.org/wiki/Jacobson_radical"
}

@online{semisimple_module,
author = "Wikipedia",
title = "Semisimple module",
url = "https://en.wikipedia.org/wiki/Semisimple_module"
}

@online{finitely_generated_algebra,
author = "Wikipedia",
title = "Finitely generated algebra",
url = "https://en.wikipedia.org/wiki/Finitely_generated_algebra"
}

@book{barot2014introduction,
  title={Introduction to the Representation Theory of Algebras},
  author={Barot, M.},
  isbn={9783319114750},
  series={SpringerLink : B{\"u}cher},
  year={2014},
  publisher={Springer International Publishing}
}

@book{hazewinkel2004algebras,
  title={Algebras, Rings and Modules},
  author={Hazewinkel, M. and Gubareni, N. and Kirichenko, V.V.},
  isbn={9781402026904},
  series={Mathematics and Its Applications},
  year={2004},
  publisher={Springer Netherlands}
}
