@book{kirklecture,
  title={Lecture Notes in Algebraic Topology},
  author={Kirk, J.F.D.P.},
  isbn={9780821872208},
  url={https://books.google.co.jp/books?id=TaE4F-bsRYQC},
  publisher={American Mathematical Soc.}
}

@online{singular_homology,
author = "Wikipedia",
title = "Singular homology",
url = "https://en.wikipedia.org/wiki/Singular_homology"
}

@book{vick2012homology,
  title={Homology Theory: An Introduction to Algebraic Topology},
  author={Vick, J.W.},
  isbn={9781461208815},
  lccn={93005255},
  series={Graduate Texts in Mathematics},
  url={https://books.google.co.jp/books?id=U2rgBwAAQBAJ},
  year={2012},
  publisher={Springer New York}
}
