@book{dlab2012finite,
  title={Finite Dimensional Algebras},
  author={Dlab, V. and Drozd, Y.A. and Kirichenko, V.V.},
  isbn={9783642762444},
  lccn={94015511},
  year={2012},
  publisher={Springer Berlin Heidelberg}
}
