@online{exact-sequences-and-the-grothendieck-group,
author = "Mathematics and Such",
title = "Exact Sequences and the Grothendieck Group",
url = "https://simomaths.wordpress.com/2015/01/20/exact-sequences-and-the-grothendieck-group/"
}

@online{projective-modules-and-the-grothendieck-group,
author = "Mathematics and Such",
title = "Projective Modules and the Grothendieck Group",
url = "https://simomaths.wordpress.com/2015/02/05/projective-modules-and-the-grothendieck-group/"
}

@online{idempotents-and-decomposition,
author = "Mathematics and Such",
title = "Idempotents and Decomposition",
url = "https://simomaths.wordpress.com/2015/03/02/idempotents-and-decomposition/"
}
