@book{dlab2012finite,
  title={Finite Dimensional Algebras},
  author={Dlab, V. and Drozd, Y.A. and Kirichenko, V.V.},
  isbn={9783642762444},
  lccn={94015511},
  year={2012},
  publisher={Springer Berlin Heidelberg}
}

@book{weintraub2003representation,
  title={Representation Theory of Finite Groups: Algebra and Arithmetic},
  author={Weintraub, S.H.},
  isbn={9780821832226},
  lccn={2003045186},
  series={Graduate studies in mathematics},
  year={2003},
  publisher={American Mathematical Society}
}

@book{michler2006theory,
  title={Theory of Finite Simple Groups},
  author={Michler, G.},
  number={第 1 卷},
  isbn={9780521866255},
  lccn={2006299916},
  series={New Mathematical Monographs},
  url={https://books.google.co.jp/books?id=lWfF-NHeq6cC},
  year={2006},
  publisher={Cambridge University Press}
}

@book{karpilovsky1989clifford,
  title={Clifford Theory for Group Representations},
  author={Karpilovsky, G.},
  isbn={9780080872674},
  series={North-Holland Mathematics Studies},
  url={https://books.google.co.jp/books?id=9uUW4eLqYZEC},
  year={1989},
  publisher={Elsevier Science}
}

@book{karpilovsky2016group,
  title={Group Representations},
  author={Karpilovsky, G.},
  number={第 4 卷},
  isbn={9781483295107},
  series={Group Representations},
  url={https://books.google.co.jp/books?id=6t9pDAAAQBAJ},
  year={2016},
  publisher={Elsevier Science}
}

@book{karpilovsky1992part,
  title={Part A: Background Material and Part B: Introduction to Group Representations and Characters},
  author={Karpilovsky, G.},
  isbn={9780080872865},
  series={Group Representations},
  url={https://books.google.co.jp/books?id=dkMCCVxYlbgC},
  year={1992},
  publisher={Elsevier Science}
}
