@online{constant_sheaf,
author = "Wikipedia",
title = "Constant sheaf",
url = "https://en.wikipedia.org/wiki/Constant_sheaf"
}

@online{tohoku,
author = "Rick Jardine",
title = "T≈çhoku",
url = "http://inference-review.com/article/tohoku"
}
