@book{reid1995undergraduate,
  title={Undergraduate Commutative Algebra},
  author={Reid, M.},
  isbn={9780521458894},
  lccn={lc94027644},
  series={London Mathematical Society Student Texts},
  url={https://books.google.co.jp/books?id=mUL1us0mRrAC},
  year={1995},
  publisher={Cambridge University Press}
}
