@book{nla,
  title={Numerical Linear Algebra and Its Applications (Second Edition)},
  author={Jin Xiao-qing, Wei Yimin and Zhao Zhi},
  year={2015},
  publisher={SCIENCE PRESS},
  location={Beijing}
}

@article{ych1989,
  title={带 Wilkinson 位移的 QL 算法三次收敛的一个条件},
  author={於崇华},
  journal={应用数学与计算数学学报},
  volume={3},
  number={1},
  pages={43--47},
  year={1989},
  language={chinese}
}

@article{ych1991,
  title={对称 QL 算法的复合位移加速},
  author={於崇华},
  journal={高等学校计算数学学报},
  volume={13},
  number={3},
  pages={263--272},
  year={1991},
  language={chinese}
}

@article{xjs1992,
  title={不可约实对称三对角矩阵 QL 算法的 RW$\varepsilon$ 位移},
  author={徐金生 and 王元明},
  journal={山西大学学报 (自然科学版)},
  volume={2},
  pages={001},
  year={1992},
  language={chinese}
}