%% LaTeX2e file `wu.bib'
%% generated by the `filecontents' environment
%% from source `1' on 2016/11/19.
%%
 @article {Gro57,
  AUTHOR = {Grothendieck, Alexander},
  TITLE = {Sur quelques points d'alg\`ebre homologique},
  JOURNAL = {T\^ohoku Math. J. (2)},
  FJOURNAL = {The Tohoku Mathematical Journal. Second Series},
  VOLUME = {9},
  YEAR = {1957},
  PAGES = {119--221},
  ISSN = {0040-8735},
  MRCLASS = {18.00},
  MRNUMBER = {0102537},
  MRREVIEWER = {D. Buchsbaum},
 }

 @book {Hartshorne,
  AUTHOR = {Hartshorne, Robin},
  TITLE = {Algebraic geometry},
  NOTE = {Graduate Texts in Mathematics, No. 52},
  PUBLISHER = {Springer-Verlag, New York-Heidelberg},
  YEAR = {1977},
  PAGES = {xvi+496},
  ISBN = {0-387-90244-9},
  MRCLASS = {14-01},
  MRNUMBER = {0463157},
  MRREVIEWER = {Robert Speiser},
 }

 @book {Ive86,
  AUTHOR = {Iversen, Birger},
  TITLE = {Cohomology of sheaves},
  SERIES = {Universitext},
  PUBLISHER = {Springer-Verlag, Berlin},
  YEAR = {1986},
  PAGES = {xii+464},
  ISBN = {3-540-16389-1},
  MRCLASS = {14F05 (14-01 18-01 54-01)},
  MRNUMBER = {842190},
  MRREVIEWER = {G. Horrocks},
  DOI = {10.1007/978-3-642-82783-9},
  URL = {http://dx.doi.org/10.1007/978-3-642-82783-9},
 }

 @article {Ste65,
  AUTHOR = {Steinberg, Robert},
  TITLE = {Regular elements of semisimple algebraic groups},
  JOURNAL = {Inst. Hautes \'Etudes Sci. Publ. Math.},
  FJOURNAL = {Institut des Hautes \'Etudes Scientifiques. Publications
   Math\'ematiques},
  NUMBER = {25},
  YEAR = {1965},
  PAGES = {49--80},
  ISSN = {0073-8301},
  MRCLASS = {14.50 (20.75)},
  MRNUMBER = {0180554},
  MRREVIEWER = {J. L. Koszul},
 }

 @article {Lang56,
  AUTHOR = {Lang, Serge},
  TITLE = {Algebraic groups over finite fields},
  JOURNAL = {Amer. J. Math.},
  FJOURNAL = {American Journal of Mathematics},
  VOLUME = {78},
  YEAR = {1956},
  PAGES = {555--563},
  ISSN = {0002-9327},
  MRCLASS = {14.0X},
  MRNUMBER = {0086367},
  MRREVIEWER = {P. Roquette},
 }

 @book{Spr63,
  author    = "Springer, T. A. and P. Eysenbach",
  title     = "Oktaven, Jordan-Algebren und Ausnahmegruppen",
  publisher = "Vorlesungsausarbeitung",
  address  = "GoÌˆttingen",
  year      = "1963",
 }

 @article {Land35,
  AUTHOR = {Landherr, Walther},
  TITLE = {\"{U}ber einfache {L}iesche {R}inge},
  JOURNAL = {Abh. Math. Sem. Univ. Hamburg},
  FJOURNAL = {Abhandlungen aus dem Mathematischen Seminar der Universit\"at
   Hamburg},
  VOLUME = {11},
  YEAR = {1935},
  NUMBER = {1},
  PAGES = {41--64},
  ISSN = {0025-5858},
  CODEN = {AMHAAJ},
  MRCLASS = {Contributed Item},
  MRNUMBER = {3069642},
  DOI = {10.1007/BF02940712},
  URL = {http://dx.doi.org/10.1007/BF02940712},
 }

 @incollection {Tate62,
  AUTHOR = {Tate, John},
  TITLE = {Duality theorems in {G}alois cohomology over number fields},
  BOOKTITLE = {Proc. {I}nternat. {C}ongr. {M}athematicians ({S}tockholm,
   1962)},
  PAGES = {288--295},
  PUBLISHER = {Inst. Mittag-Leffler, Djursholm},
  YEAR = {1963},
  MRCLASS = {10.66},
  MRNUMBER = {0175892},
 }

 @article {Kne65,
  AUTHOR = {Kneser, Martin},
  TITLE = {Starke {A}pproximation in algebraischen {G}ruppen. {I}},
  JOURNAL = {J. Reine Angew. Math.},
  FJOURNAL = {Journal f\"ur die Reine und Angewandte Mathematik},
  VOLUME = {218},
  YEAR = {1965},
  PAGES = {190--203},
  ISSN = {0075-4102},
  MRCLASS = {14.50 (20.75)},
  MRNUMBER = {0184945},
  MRREVIEWER = {T. Ono},
 }

 @article {Che55,
  AUTHOR = {Chevalley, C.},
  TITLE = {Sur certains groupes simples},
  JOURNAL = {T\^ohoku Math. J. (2)},
  FJOURNAL = {The Tohoku Mathematical Journal. Second Series},
  VOLUME = {7},
  YEAR = {1955},
  PAGES = {14--66},
  ISSN = {0040-8735},
  MRCLASS = {20.0X},
  MRNUMBER = {0073602},
  MRREVIEWER = {F. I. Mautner},
 }

 @incollection {Tits62,
  AUTHOR = {Tits, J.},
  TITLE = {Groupes simples et g\'eom\'etries associ\'ees},
  BOOKTITLE = {Proc. {I}nternat. {C}ongr. {M}athematicians ({S}tockholm,
   1962)},
  PAGES = {197--221},
  PUBLISHER = {Inst. Mittag-Leffler, Djursholm},
  YEAR = {1963},
  MRCLASS = {20.75 (50.05)},
  MRNUMBER = {0175903},
 }

 @article {Spr55,
  AUTHOR = {Springer, T. A.},
  TITLE = {Quadratic forms over fields with a discrete valuation. {I}.
   {E}quivalence classes of definite forms},
  JOURNAL = {Nederl. Akad. Wetensch. Proc. Ser. A. {\bf 58} = Indag. Math.},
  VOLUME = {17},
  YEAR = {1955},
  PAGES = {352--362},
  MRCLASS = {10.2X},
  MRNUMBER = {0070664},
  MRREVIEWER = {B. W. Jones},
 }

 @article {Jac38,
  AUTHOR = {Jacobson, N.},
  TITLE = {Simple {L}ie algebras over a field of characteristic zero},
  JOURNAL = {Duke Math. J.},
  FJOURNAL = {Duke Mathematical Journal},
  VOLUME = {4},
  YEAR = {1938},
  NUMBER = {3},
  PAGES = {534--551},
  ISSN = {0012-7094},
  CODEN = {DUMJAO},
  MRCLASS = {Contributed Item},
  MRNUMBER = {1546073},
  DOI = {10.1215/S0012-7094-38-00444-2},
  URL = {http://dx.doi.org/10.1215/S0012-7094-38-00444-2},
 }

 @book {SerGalCoh,
  AUTHOR = {Serre, Jean-Pierre},
  TITLE = {Cohomologie galoisienne},
  SERIES = {Cours au Coll\`ege de France},
  VOLUME = {1962},
  PUBLISHER = {Springer-Verlag, Berlin-Heidelberg-New York},
  YEAR = {1962/1963},
  PAGES = {vii+212 pp. (not consecutively paged)},
  MRCLASS = {12.50 (10.68)},
  MRNUMBER = {0180551},
  MRREVIEWER = {M. Greenberg},
 }


 @book {SerLocFie,
  AUTHOR = {Serre, Jean-Pierre},
  TITLE = {Corps locaux},
  SERIES = {Publications de l'Institut de Math\'ematique de l'Universit\'e
   de Nancago, VIII},
  PUBLISHER = {Actualit\'es Sci. Indust., No. 1296. Hermann, Paris},
  YEAR = {1962},
  PAGES = {243},
  MRCLASS = {10.67 (10.68)},
  MRNUMBER = {0150130},
  MRREVIEWER = {T. Nakayama},
 }



@book {Bcomm89,
    AUTHOR = {Bourbaki, N.},
     TITLE = {\'{E}l\'ements de math\'ematique. {A}lg\`ebre commutative.
              {C}hapitres 8 et 9},
      NOTE = {Reprint of the 1983 original},
 PUBLISHER = {Springer, Berlin},
      YEAR = {2006},
     PAGES = {ii+200},
      ISBN = {978-3-540-33942-7; 3-540-33942-6},
   MRCLASS = {13-01},
  MRNUMBER = {2284892 (2007h:13001)},
}
%MR2284892,

@article {TW,
    AUTHOR = {Tignol, J.-P. and Wadsworth, A. R.},
     TITLE = {Totally ramified valuations on finite-dimensional division
              algebras},
   JOURNAL = {Trans. Amer. Math. Soc.},
  FJOURNAL = {Transactions of the American Mathematical Society},
    VOLUME = {302},
      YEAR = {1987},
    NUMBER = {1},
     PAGES = {223--250},
      ISSN = {0002-9947},
     CODEN = {TAMTAM},
   MRCLASS = {16A39 (12E15 16A10)},
  MRNUMBER = {887507 (88j:16025)},
MRREVIEWER = {David J. Saltman},
       DOI = {10.2307/2000907},
       URL = {http://dx.doi.org/10.2307/2000907},
}
%MR887507,

@article {LU,
    AUTHOR = {Lewis, D. W. and Unger, T.},
     TITLE = {Hermitian {M}orita theory: a matrix approach},
   JOURNAL = {Irish Math. Soc. Bull.},
  FJOURNAL = {Irish Mathematical Society Bulletin},
    NUMBER = {62},
      YEAR = {2008},
     PAGES = {37--41},
      ISSN = {0791-5578},
   MRCLASS = {16K20 (16W10)},
  MRNUMBER = {2532179 (2010g:16030)},
MRREVIEWER = {Mohammad G. Mahmoudi},
}
%MR2532179,

@book {albert,
    AUTHOR = {Albert, A. A.},
     TITLE = {Structure of algebras},
    SERIES = {Revised printing. American Mathematical Society Colloquium
              Publications, Vol. XXIV},
 PUBLISHER = {American Mathematical Society, Providence, R.I.},
      YEAR = {1961},
     PAGES = {xi+210},
   MRCLASS = {16.50},
  MRNUMBER = {0123587 (23 \#A912)},
}

%MR0123587,

@unpublished{AdJ,
 author = {Artin, M. and de Jong, A. J.},
 title = {Stable orders over surfaces},
 year = {2004},
 month = {June},
 note = {\url{http://www.math.lsa.umich.edu/courses/711/ordersms-num.pdf}},
}




@article {AB2,
    AUTHOR = {Auslander, M. and Buchsbaum, D. A.},
     TITLE = {On ramification theory in noetherian rings},
   JOURNAL = {Amer. J. Math.},
  FJOURNAL = {American Journal of Mathematics},
    VOLUME = {81},
      YEAR = {1959},
     PAGES = {749--765},
      ISSN = {0002-9327},
   MRCLASS = {16.00 (14.00)},
  MRNUMBER = {0106929 (21 \#5659)},
MRREVIEWER = {M. Nagata},
}
%MR0106929,

@article {AB,
    AUTHOR = {Auslander, M. and Buchsbaum, D. A.},
     TITLE = {Unique factorization in regular local rings},
   JOURNAL = {Proc. Nat. Acad. Sci. U.S.A.},
  FJOURNAL = {Proceedings of the National Academy of Sciences of the United
              States of America},
    VOLUME = {45},
      YEAR = {1959},
     PAGES = {733--734},
      ISSN = {0027-8424},
   MRCLASS = {16.00},
  MRNUMBER = {0103906 (21 \#2669)},
MRREVIEWER = {M. Nagata},
}
%MR0103906,


@article {AG,
    AUTHOR = {Auslander, M. and Goldman, O.},
     TITLE = {The {B}rauer group of a commutative ring},
   JOURNAL = {Trans. Amer. Math. Soc.},
  FJOURNAL = {Transactions of the American Mathematical Society},
    VOLUME = {97},
      YEAR = {1960},
     PAGES = {367--409},
      ISSN = {0002-9947},
   MRCLASS = {18.00 (16.00)},
  MRNUMBER = {0121392 (22 \#12130)},
MRREVIEWER = {T. Nakayama},
}
%MR0121392,


@article {BP,
    AUTHOR = {Bayer-Fluckiger, E. and Parimala, R.},
     TITLE = {Galois cohomology of the classical groups over fields of
              cohomological dimension {$\le 2$}},
   JOURNAL = {Invent. Math.},
  FJOURNAL = {Inventiones Mathematicae},
    VOLUME = {122},
      YEAR = {1995},
    NUMBER = {2},
     PAGES = {195--229},
      ISSN = {0020-9910},
     CODEN = {INVMBH},
   MRCLASS = {11E72 (11E39 11E57 20G10)},
  MRNUMBER = {1358975 (96i:11042)},
MRREVIEWER = {Adrian R. Wadsworth},
       DOI = {10.1007/BF01231443},
       URL = {http://dx.doi.org/10.1007/BF01231443},
}
%MR1358975,

@unpublished{B,
 author = {Beke, S.},
 title = {Specialisation and good reduction for algebras with involution},
 year = {2013},

 note = {\url{http://www.math.uni-bielefeld.de/lag/man/488.pdf}},
}
% month = "",



@article {BG,
    AUTHOR = {Beke, S. and Van Geel, J.},
     TITLE = {An {I}somorphism {P}roblem for {A}zumaya {A}lgebras with
              {I}nvolution over {S}emilocal {B}\'ezout {D}omains},
   JOURNAL = {Algebr. Represent. Theory},
  FJOURNAL = {Algebras and Representation Theory},
    VOLUME = {17},
      YEAR = {2014},
    NUMBER = {6},
     PAGES = {1635--1655},
      ISSN = {1386-923X},
   MRCLASS = {16H05 (12J20 16K20 20G35)},
  MRNUMBER = {3284324},
       DOI = {10.1007/s10468-013-9463-6},
       URL = {http://dx.doi.org/10.1007/s10468-013-9463-6},
}
%MR3284324,

@book {Balg9,
    AUTHOR = {Bourbaki, N.},
     TITLE = {\'{E}l\'ements de math\'ematique. {A}lg\`ebre. {C}hapitre 9},
      NOTE = {Reprint of the 1959 original},
 PUBLISHER = {Springer-Verlag, Berlin},
      YEAR = {2007},
     PAGES = {211},
      ISBN = {978-3-540-35338-6; 3-540-35338-0},
   MRCLASS = {15-01 (01A75)},
  MRNUMBER = {2325344 (2008f:15001)},
}
%MR2325344,

@book {Bcomm17,
    AUTHOR = {Bourbaki, N.},
     TITLE = {Commutative algebra. {C}hapters 1--7},
    SERIES = {Elements of Mathematics (Berlin)},
      NOTE = {Translated from the French,
              Reprint of the 1989 English translation},
 PUBLISHER = {Springer-Verlag, Berlin},
      YEAR = {1998},
     PAGES = {xxiv+625},
      ISBN = {3-540-64239-0},
   MRCLASS = {13-XX (00A05)},
  MRNUMBER = {1727221 (2001g:13001)},
}
%MR1727221,

@book {Bomm,
    AUTHOR = {Bourbaki, N.},
     TITLE = {\'{E}l\'ements de math\'ematique. {A}lg\`ebre commutative.
              {C}hapitres 8 et 9},
      NOTE = {Reprint of the 1983 original},
 PUBLISHER = {Springer, Berlin},
      YEAR = {2006},
     PAGES = {ii+200},
      ISBN = {978-3-540-33942-7; 3-540-33942-6},
   MRCLASS = {13-01},
  MRNUMBER = {2284892 (2007h:13001)},
}
%MR2284892,

@book {CF,
    editor = {J. W. S. Cassels and A. Fr\"ohlich},
     TITLE = {Algebraic number theory},
    SERIES = {Proceedings of an instructional conference organized by the
              London Mathematical Society (a NATO Advanced Study Institute)
              with the support of the International Mathematical Union.
             },
 PUBLISHER = {Academic Press, London; Thompson Book Co., Inc., Washington,
              D.C.},
      YEAR = {1967},
     PAGES = {xviii+366},
   MRCLASS = {00.04 (10.00)},
  MRNUMBER = {0215665 (35 \#6500)},
}
%MR0215665,

@article {CM,
    AUTHOR = {Chernousov, V. and Merkurjev, A.},
     TITLE = {{$R$}-equivalence and special unitary groups},
   JOURNAL = {J. Algebra},
  FJOURNAL = {Journal of Algebra},
    VOLUME = {209},
      YEAR = {1998},
    NUMBER = {1},
     PAGES = {175--198},
      ISSN = {0021-8693},
     CODEN = {JALGA4},
   MRCLASS = {20G15 (14E05 14G05 14M20)},
  MRNUMBER = {1652122 (99m:20101)},
MRREVIEWER = {Jean-Claude Douai},
       DOI = {10.1006/jabr.1998.7534},
       URL = {http://dx.doi.org/10.1006/jabr.1998.7534},
}
%MR1652122,

@article {CP,
    AUTHOR = {Chernousov, V. I. and Platonov, V. P.},
     TITLE = {The rationality problem for semisimple group varieties},
   JOURNAL = {J. Reine Angew. Math.},
  FJOURNAL = {Journal f\"ur die Reine und Angewandte Mathematik},
    VOLUME = {504},
      YEAR = {1998},
     PAGES = {1--28},
      ISSN = {0075-4102},
     CODEN = {JRMAA8},
   MRCLASS = {14L35 (14M20 20G15)},
  MRNUMBER = {1656830 (99i:14056)},
MRREVIEWER = {Andy R. Magid},
}
%MR1656830,

@article {CTPS,
    AUTHOR = {Colliot-Th{\'e}l{\`e}ne, J.-L. and Parimala, R. and
              Suresh, V.},
     TITLE = {Patching and local-global principles for homogeneous spaces
              over function fields of {$p$}-adic curves},
   JOURNAL = {Comment. Math. Helv.},
  FJOURNAL = {Commentarii Mathematici Helvetici. A Journal of the Swiss
              Mathematical Society},
    VOLUME = {87},
      YEAR = {2012},
    NUMBER = {4},
     PAGES = {1011--1033},
      ISSN = {0010-2571},
   MRCLASS = {11G99 (11E12 11E72 14G05 14G20 20G35)},
  MRNUMBER = {2984579},
MRREVIEWER = {Jan van Geel},
       DOI = {10.4171/CMH/276},
       URL = {http://dx.doi.org/10.4171/CMH/276},
}
%MR2984579,

@article {CTS,
    AUTHOR = {Colliot-Th{\'e}l{\`e}ne, J.-L. and Sansuc, J.-J.},
     TITLE = {Fibr\'es quadratiques et composantes connexes r\'eelles},
   JOURNAL = {Math. Ann.},
  FJOURNAL = {Mathematische Annalen},
    VOLUME = {244},
      YEAR = {1979},
    NUMBER = {2},
     PAGES = {105--134},
      ISSN = {0025-5831},
     CODEN = {MAANA3},
   MRCLASS = {14G05 (10C04)},
  MRNUMBER = {550842 (81c:14010)},
MRREVIEWER = {Daniel Coray},
       DOI = {10.1007/BF01420486},
       URL = {http://dx.doi.org/10.1007/BF01420486},
}
%MR550842,

@book {EKM,
    AUTHOR = {Elman, R. and Karpenko, N. and Merkurjev, A.},
     TITLE = {The algebraic and geometric theory of quadratic forms},
    SERIES = {American Mathematical Society Colloquium Publications},
    VOLUME = {56},
 PUBLISHER = {American Mathematical Society, Providence, RI},
      YEAR = {2008},
     PAGES = {viii+435},
      ISBN = {978-0-8218-4329-1},
   MRCLASS = {11Exx (11-02 11E04 11E81 14C15 14C25)},
  MRNUMBER = {2427530 (2009d:11062)},
MRREVIEWER = {Andrzej S{\l}adek},
}
%MR2427530,

@article {EGA1,
    AUTHOR = {Grothendieck, A.},
     TITLE = {\'{E}l\'ements de g\'eom\'etrie alg\'ebrique. {I}. {L}e
              langage des sch\'emas},
   JOURNAL = {Inst. Hautes \'Etudes Sci. Publ. Math.},
  FJOURNAL = {Institut des Hautes \'Etudes Scientifiques. Publications
              Math\'ematiques},
    NUMBER = {4},
      YEAR = {1960},
     PAGES = {228},
      ISSN = {0073-8301},
   MRCLASS = {14.55},
  MRNUMBER = {0217083 (36 \#177a)},
}
%MR0217083,

@article {EGA4.2,
    AUTHOR = {Grothendieck, A.},
     TITLE = {\'{E}l\'ements de g\'eom\'etrie alg\'ebrique. {IV}. \'{E}tude
              locale des sch\'emas et des morphismes de sch\'emas. {II}},
   JOURNAL = {Inst. Hautes \'Etudes Sci. Publ. Math.},
  FJOURNAL = {Institut des Hautes \'Etudes Scientifiques. Publications
              Math\'ematiques},
    NUMBER = {24},
      YEAR = {1965},
     PAGES = {231},
      ISSN = {0073-8301},
   MRCLASS = {14.00},
  MRNUMBER = {0199181 (33 \#7330)},
MRREVIEWER = {H. Hironaka},
}
%MR0199181,

@article {EGA4.3,
    AUTHOR = {Grothendieck, A.},
     TITLE = {\'{E}l\'ements de g\'eom\'etrie alg\'ebrique. {IV}. \'{E}tude
              locale des sch\'emas et des morphismes de sch\'emas. {III}},
   JOURNAL = {Inst. Hautes \'Etudes Sci. Publ. Math.},
  FJOURNAL = {Institut des Hautes \'Etudes Scientifiques. Publications
              Math\'ematiques},
    NUMBER = {28},
      YEAR = {1966},
     PAGES = {255},
      ISSN = {0073-8301},
   MRCLASS = {14.55},
  MRNUMBER = {0217086 (36 \#178)},
MRREVIEWER = {J. P. Murre},
}
%MR0217086,

@article {EGA4.4,
    AUTHOR = {Grothendieck, A.},
     TITLE = {\'{E}l\'ements de g\'eom\'etrie alg\'ebrique. {IV}. \'{E}tude
              locale des sch\'emas et des morphismes de sch\'emas {IV}},
   JOURNAL = {Inst. Hautes \'Etudes Sci. Publ. Math.},
  FJOURNAL = {Institut des Hautes \'Etudes Scientifiques. Publications
              Math\'ematiques},
    NUMBER = {32},
      YEAR = {1967},
     PAGES = {361},
      ISSN = {0073-8301},
   MRCLASS = {14.55},
  MRNUMBER = {0238860 (39 \#220)},
MRREVIEWER = {J. P. Murre},
}
%MR0238860,

@book {SGA1,
     TITLE = {Rev\^etements \'etales et groupe fondamental},
      NOTE = {S{\'e}minaire de G{\'e}om{\'e}trie Alg{\'e}brique du Bois
              Marie 1960--1961 (SGA 1),
              Dirig{\'e} par Alexandre Grothendieck. Augment{\'e} de deux
              expos{\'e}s de M. Raynaud,
              Lecture Notes in Mathematics, Vol. 224},
 PUBLISHER = {Springer-Verlag, Berlin-New York},
      YEAR = {1971},
     PAGES = {xxii+447},
   MRCLASS = {14-06 (14E20)},
  MRNUMBER = {0354651 (50 \#7129)},
}
%MR0354651,

@book {GS,
    AUTHOR = {Gille, Philippe and Szamuely, Tam{\'a}s},
     TITLE = {Central simple algebras and {G}alois cohomology},
    SERIES = {Cambridge Studies in Advanced Mathematics},
    VOLUME = {101},
 PUBLISHER = {Cambridge University Press, Cambridge},
      YEAR = {2006},
     PAGES = {xii+343},
      ISBN = {978-0-521-86103-8; 0-521-86103-9},
   MRCLASS = {16K20 (14F22 19C30)},
  MRNUMBER = {2266528 (2007k:16033)},
MRREVIEWER = {Gr{\'e}gory Berhuy},
       DOI = {10.1017/CBO9780511607219},
       URL = {http://dx.doi.org/10.1017/CBO9780511607219},
}
%MR2266528,

@article {HHK4,
    AUTHOR = {Harbater, D. and Hartmann, J. and Krashen, D.},
     TITLE = {Local-global principles for {G}alois cohomology},
   JOURNAL = {Comment. Math. Helv.},
  FJOURNAL = {Commentarii Mathematici Helvetici. A Journal of the Swiss
              Mathematical Society},
    VOLUME = {89},
      YEAR = {2014},
    NUMBER = {1},
     PAGES = {215--253},
      ISSN = {0010-2571},
   MRCLASS = {11E72 (12G05 13F25 14H25 20G15)},
  MRNUMBER = {3177913},
MRREVIEWER = {Skip Garibaldi},
       DOI = {10.4171/CMH/317},
       URL = {http://dx.doi.org/10.4171/CMH/317},
}
%MR3177913,

@article {HHK3,
    AUTHOR = {Harbater, D. and Hartmann, J. and Krashen, D.},
     TITLE = {Weierstrass preparation and algebraic invariants},
   JOURNAL = {Math. Ann.},
  FJOURNAL = {Mathematische Annalen},
    VOLUME = {356},
      YEAR = {2013},
    NUMBER = {4},
     PAGES = {1405--1424},
      ISSN = {0025-5831},
   MRCLASS = {13J10 (11E04 14H25 16K50 16W60 32B05)},
  MRNUMBER = {3072806},
MRREVIEWER = {Rosario Strano},
       DOI = {10.1007/s00208-012-0888-8},
       URL = {http://dx.doi.org/10.1007/s00208-012-0888-8},
}
%MR3072806,

@article {HHK,
    AUTHOR = {Harbater, D. and Hartmann, J. and Krashen, D.},
     TITLE = {Patching subfields of division algebras},
   JOURNAL = {Trans. Amer. Math. Soc.},
  FJOURNAL = {Transactions of the American Mathematical Society},
    VOLUME = {363},
      YEAR = {2011},
    NUMBER = {6},
     PAGES = {3335--3349},
      ISSN = {0002-9947},
     CODEN = {TAMTAM},
   MRCLASS = {12F12 (16K20 16K50 16S35)},
  MRNUMBER = {2775810 (2012c:12008)},
MRREVIEWER = {Ivan D. Chipchakov},
       DOI = {10.1090/S0002-9947-2010-05229-8},
       URL = {http://dx.doi.org/10.1090/S0002-9947-2010-05229-8},
}
%MR2775810,

@article {HH,
    AUTHOR = {Harbater, D. and Hartmann, J.},
     TITLE = {Patching over fields},
   JOURNAL = {Israel J. Math.},
  FJOURNAL = {Israel Journal of Mathematics},
    VOLUME = {176},
      YEAR = {2010},
     PAGES = {61--107},
      ISSN = {0021-2172},
     CODEN = {ISJMAP},
   MRCLASS = {12F10 (16K50)},
  MRNUMBER = {2653187 (2012a:12009)},
MRREVIEWER = {Montserrat Vela},
       DOI = {10.1007/s11856-010-0021-1},
       URL = {http://dx.doi.org/10.1007/s11856-010-0021-1},
}
%MR2653187,

@article {HHK1,
    AUTHOR = {Harbater, D. and Hartmann, J. and Krashen, D.},
     TITLE = {Applications of patching to quadratic forms and central simple
              algebras},
   JOURNAL = {Invent. Math.},
  FJOURNAL = {Inventiones Mathematicae},
    VOLUME = {178},
      YEAR = {2009},
    NUMBER = {2},
     PAGES = {231--263},
      ISSN = {0020-9910},
     CODEN = {INVMBH},
   MRCLASS = {11E04 (16K20)},
  MRNUMBER = {2545681 (2010j:11058)},
MRREVIEWER = {Mohammad G. Mahmoudi},
       DOI = {10.1007/s00222-009-0195-5},
       URL = {http://dx.doi.org/10.1007/s00222-009-0195-5},
}
%MR2545681,

@unpublished{HHK2,
 author = {Harbater, D. and Hartmann, J. and Krashen, D.},
 title = {Local-global principles for torsors over arithmetic curves},
 year = {2011},
 month = {August},
 note = {arXiv:1108.3323v4},
}


@article {JW,
    AUTHOR = {Jacob, B. and Wadsworth, A.},
     TITLE = {Division algebras over {H}enselian fields},
   JOURNAL = {J. Algebra},
  FJOURNAL = {Journal of Algebra},
    VOLUME = {128},
      YEAR = {1990},
    NUMBER = {1},
     PAGES = {126--179},
      ISSN = {0021-8693},
     CODEN = {JALGA4},
   MRCLASS = {12E15 (12J10 12J20 16K20)},
  MRNUMBER = {1031915 (91d:12006)},
MRREVIEWER = {Jean-Pierre Tignol},
       DOI = {10.1016/0021-8693(90)90047-R},
       URL = {http://dx.doi.org/10.1016/0021-8693(90)90047-R},
}
%MR1031915,

@article {Kar,
    AUTHOR = {Karpenko, N. A.},
     TITLE = {Cohomology of relative cellular spaces and of isotropic flag
              varieties},
   JOURNAL = {Algebra i Analiz},
  FJOURNAL = {Rossi\u\i skaya Akademiya Nauk. Algebra i Analiz},
    VOLUME = {12},
      YEAR = {2000},
    NUMBER = {1},
     PAGES = {3--69},
      ISSN = {0234-0852},
   MRCLASS = {14M15 (57T15)},
  MRNUMBER = {1758562 (2001c:14076)},
MRREVIEWER = {I. Dolgachev},
}
%MR1758562,

@book {Kneser,
    AUTHOR = {Kneser, M.},
     TITLE = {Lectures on {G}alois cohomology of classical groups},
      NOTE = {With an appendix by T. A. Springer,
              Notes by P. Jothilingam,
              Tata Institute of Fundamental Research Lectures on
              Mathematics, No. 47},
 PUBLISHER = {Tata Institute of Fundamental Research, Bombay},
      YEAR = {1969},
     PAGES = {ii+158},
   MRCLASS = {20G10 (12A60)},
  MRNUMBER = {0340440 (49 \#5195)},
MRREVIEWER = {R. Steinberg},
}
%MR0340440,

@book {inv,
    AUTHOR = {Knus, M.-A. and Merkurjev, A. and Rost, M. and
              Tignol, J.-P.},
     TITLE = {The book of involutions},
    SERIES = {American Mathematical Society Colloquium Publications},
    VOLUME = {44},
      NOTE = {With a preface in French by J. Tits},
 PUBLISHER = {American Mathematical Society, Providence, RI},
      YEAR = {1998},
     PAGES = {xxii+593},
      ISBN = {0-8218-0904-0},
   MRCLASS = {16K20 (11E39 11E57 11E72 11E88 16W10 20G10)},
  MRNUMBER = {1632779 (2000a:16031)},
MRREVIEWER = {A. R. Wadsworth},
}
%MR1632779,

@book {Knus,
    AUTHOR = {Knus, M.-A.},
     TITLE = {Quadratic and {H}ermitian forms over rings},
    SERIES = {Grundlehren der Mathematischen Wissenschaften [Fundamental
              Principles of Mathematical Sciences]},
    VOLUME = {294},
      NOTE = {With a foreword by I. Bertuccioni},
 PUBLISHER = {Springer-Verlag, Berlin},
      YEAR = {1991},
     PAGES = {xii+524},
      ISBN = {3-540-52117-8},
   MRCLASS = {11Exx (11E39 11E81 16E20 19Gxx)},
  MRNUMBER = {1096299 (92i:11039)},
MRREVIEWER = {Rudolf Scharlau},
       DOI = {10.1007/978-3-642-75401-2},
       URL = {http://dx.doi.org/10.1007/978-3-642-75401-2},
}
%MR1096299,

@article {L1,
    AUTHOR = {Larmour, D. W.},
     TITLE = {A {S}pringer theorem for {H}ermitian forms},
   JOURNAL = {Math. Z.},
  FJOURNAL = {Mathematische Zeitschrift},
    VOLUME = {252},
      YEAR = {2006},
    NUMBER = {3},
     PAGES = {459--472},
      ISSN = {0025-5874},
     CODEN = {MAZEAX},
   MRCLASS = {16K20 (13A18)},
  MRNUMBER = {2207754 (2007b:16041)},
MRREVIEWER = {Patrick J. Morandi},
       DOI = {10.1007/s00209-005-0775-z},
       URL = {http://dx.doi.org/10.1007/s00209-005-0775-z},
}
%MR2207754,

@book {L2,
    AUTHOR = {Larmour, D. W.},
     TITLE = {A {S}pringer theorem for {H}ermitian forms and involutions},
      NOTE = {Thesis (Ph.D.)--New Mexico State University},
 PUBLISHER = {ProQuest LLC, Ann Arbor, MI},
      YEAR = {1999},
     PAGES = {79},
      ISBN = {978-0599-52417-0},
   MRCLASS = {Thesis},
  MRNUMBER = {2699972},
       URL = {http://gateway.proquest.com/openurl?url_ver=Z39.88-2004&rft_val_fmt=info:ofi/fmt:kev:mtx:dissertation&res_dat=xri:pqdiss&rft_dat=xri:pqdiss:9949220},
}
%MR2699972,

@incollection {Lip75,
    AUTHOR = {Lipman, J.},
     TITLE = {Introduction to resolution of singularities},
 BOOKTITLE = {Algebraic geometry ({P}roc. {S}ympos. {P}ure {M}ath., {V}ol.
              29, {H}umboldt {S}tate {U}niv., {A}rcata, {C}alif., 1974)},
     PAGES = {187--230},
 PUBLISHER = {Amer. Math. Soc., Providence, R.I.},
      YEAR = {1975},
   MRCLASS = {14E15 (14J15)},
  MRNUMBER = {0389901 (52 \#10730)},
MRREVIEWER = {Jean Giraud},
}
%MR0389901,

@article {Lip78,
    AUTHOR = {Lipman, J.},
     TITLE = {Desingularization of two-dimensional schemes},
   JOURNAL = {Ann. Math. (2)},
    VOLUME = {107},
      YEAR = {1978},
    NUMBER = {1},
     PAGES = {151--207},
   MRCLASS = {14J10},
  MRNUMBER = {0491722 (58 \#10924)},
MRREVIEWER = {A. H. Wallace},
}
%MR0491722,

@book {Liu,
    AUTHOR = {Liu, Q.},
     TITLE = {Algebraic geometry and arithmetic curves},
    SERIES = {Oxford Graduate Texts in Mathematics},
    VOLUME = {6},
      NOTE = {Translated from the French by Reinie Ern{\'e},
              Oxford Science Publications},
 PUBLISHER = {Oxford University Press, Oxford},
      YEAR = {2002},
     PAGES = {xvi+576},
      ISBN = {0-19-850284-2},
   MRCLASS = {14-01 (11G30 14A05 14A15 14Gxx 14Hxx)},
  MRNUMBER = {1917232 (2003g:14001)},
MRREVIEWER = {C{\'{\i}}cero Fernandes de Carvalho},
}
%MR1917232,

@article {Mer,
    AUTHOR = {Merkurjev, A. S.},
     TITLE = {{$R$}-equivalence and rationality problem for semisimple
              adjoint classical algebraic groups},
   JOURNAL = {Inst. Hautes \'Etudes Sci. Publ. Math.},
  FJOURNAL = {Institut des Hautes \'Etudes Scientifiques. Publications
              Math\'ematiques},
    NUMBER = {84},
      YEAR = {1996},
     PAGES = {189--213 (1997)},
      ISSN = {0073-8301},
     CODEN = {PMIHA6},
   MRCLASS = {14L10 (14M20 16K20 20G15)},
  MRNUMBER = {1441008 (98d:14055)},
MRREVIEWER = {B. Sury},
       URL = {http://www.numdam.org/item?id=PMIHES_1996__84__189_0},
}
%MR1441008,

@article {M,
    AUTHOR = {Morandi, P.},
     TITLE = {The {H}enselization of a valued division algebra},
   JOURNAL = {J. Algebra},
  FJOURNAL = {Journal of Algebra},
    VOLUME = {122},
      YEAR = {1989},
    NUMBER = {1},
     PAGES = {232--243},
      ISSN = {0021-8693},
     CODEN = {JALGA4},
   MRCLASS = {12E15 (12J20 16A39)},
  MRNUMBER = {994945 (90h:12007)},
MRREVIEWER = {Jean-Pierre Tignol},
       DOI = {10.1016/0021-8693(89)90247-0},
       URL = {http://dx.doi.org/10.1016/0021-8693(89)90247-0},
}
 %MR994945,

@article {nag,
    AUTHOR = {Nagata, M.},
     TITLE = {A general theory of algebraic geometry over {D}edekind
              domains. {II}. {S}eparably generated extensions and regular
              local rings},
   JOURNAL = {Amer. J. Math.},
  FJOURNAL = {American Journal of Mathematics},
    VOLUME = {80},
      YEAR = {1958},
     PAGES = {382--420},
      ISSN = {0002-9327},
   MRCLASS = {13.00 (14.00)},
  MRNUMBER = {0094344 (20 \#862)},
MRREVIEWER = {P. Samuel},
}
 %MR0094344,

@article {O,
    AUTHOR = {Oukhtite, L.},
     TITLE = {Witt group of {H}ermitian forms over a noncommutative discrete
              valuation ring},
   JOURNAL = {Int. J. Math. Math. Sci.},
  FJOURNAL = {International Journal of Mathematics and Mathematical
              Sciences},
      YEAR = {2005},
    NUMBER = {7},
     PAGES = {1141--1147},
      ISSN = {0161-1712},
   MRCLASS = {11E81},
  MRNUMBER = {2172991 (2006g:11082)},
MRREVIEWER = {Marius M. Somodi},
       DOI = {10.1155/IJMMS.2005.1141},
       URL = {http://dx.doi.org/10.1155/IJMMS.2005.1141},
}
%MR2172991,

@article {PSS,
    AUTHOR = {Parimala, R. and Sridharan, R. and Suresh, V.},
     TITLE = {Hermitian analogue of a theorem of {S}pringer},
   JOURNAL = {J. Algebra},
  FJOURNAL = {Journal of Algebra},
    VOLUME = {243},
      YEAR = {2001},
    NUMBER = {2},
     PAGES = {780--789},
      ISSN = {0021-8693},
     CODEN = {JALGA4},
   MRCLASS = {11E39},
  MRNUMBER = {1850658 (2002g:11043)},
MRREVIEWER = {Jean-Pierre Tignol},
       DOI = {10.1006/jabr.2001.8830},
       URL = {http://dx.doi.org/10.1006/jabr.2001.8830},
}
%MR1850658,

@article {RS,
    AUTHOR = {Reddy, B. S. and Suresh, V.},
     TITLE = {Admissibility of groups over function fields of p-adic curves},
   JOURNAL = {Adv. Math.},
  FJOURNAL = {Advances in Mathematics},
    VOLUME = {237},
      YEAR = {2013},
     PAGES = {316--330},
      ISSN = {0001-8708},
   MRCLASS = {20D20 (14H25 16Kxx)},
  MRNUMBER = {3028580},
MRREVIEWER = {Zinovy Reichstein},
       DOI = {10.1016/j.aim.2012.12.017},
       URL = {http://dx.doi.org/10.1016/j.aim.2012.12.017},
}
%MR3028580,

@book {Rei,
    AUTHOR = {Reiner, I.},
     TITLE = {Maximal orders},
    SERIES = {London Mathematical Society Monographs. New Series},
    VOLUME = {28},
      NOTE = {Corrected reprint of the 1975 original,
              With a foreword by M. J. Taylor},
 PUBLISHER = {The Clarendon Press, Oxford University Press, Oxford},
      YEAR = {2003},
     PAGES = {xiv+395},
      ISBN = {0-19-852673-3},
   MRCLASS = {16H05 (11R54 16K20)},
  MRNUMBER = {1972204 (2004c:16026)},
}
%MR1972204,

@article {Sal1,
    AUTHOR = {Saltman, D. J.},
     TITLE = {Division algebras over {$p$}-adic curves},
   JOURNAL = {J. Ramanujan Math. Soc.},
  FJOURNAL = {Journal of the Ramanujan Mathematical Society},
    VOLUME = {12},
      YEAR = {1997},
    NUMBER = {1},
     PAGES = {25--47},
      ISSN = {0970-1249},
   MRCLASS = {16H05 (12E15 13A20 16K20)},
  MRNUMBER = {1462850 (98d:16032)},
MRREVIEWER = {Timothy J. Ford},
}
%MR1462850,

@article {Sal1.5,
    AUTHOR = {Saltman, D. J.},
     TITLE = {Correction to: ``{D}ivision algebras over {$p$}-adic curves''
              [{J}. {R}amanujan {M}ath. {S}oc. {\bf 12} (1997), no. 1,
              25--47; {MR}1462850 (98d:16032)]},
   JOURNAL = {J. Ramanujan Math. Soc.},
  FJOURNAL = {Journal of the Ramanujan Mathematical Society},
    VOLUME = {13},
      YEAR = {1998},
    NUMBER = {2},
     PAGES = {125--129},
      ISSN = {0970-1249},
   MRCLASS = {16H05 (12E15 13A20 16K20)},
  MRNUMBER = {1666362 (99k:16036)},
MRREVIEWER = {Timothy J. Ford},
}
%MR1666362,

@book {Sal0,
    AUTHOR = {Saltman, D. J.},
     TITLE = {Lectures on division algebras},
    SERIES = {CBMS Regional Conference Series in Mathematics},
    VOLUME = {94},
 PUBLISHER = {Published by American Mathematical Society, Providence, RI; on
              behalf of Conference Board of the Mathematical Sciences,
              Washington, DC},
      YEAR = {1999},
     PAGES = {viii+120},
      ISBN = {0-8218-0979-2},
   MRCLASS = {16K20 (12G05 16H05 16S35)},
  MRNUMBER = {1692654 (2000f:16023)},
MRREVIEWER = {Patrick J. Morandi},
}
%MR1692654,

@article {Sal3,
    AUTHOR = {Saltman, D. J.},
     TITLE = {Cyclic algebras over {$p$}-adic curves},
   JOURNAL = {J. Algebra},
  FJOURNAL = {Journal of Algebra},
    VOLUME = {314},
      YEAR = {2007},
    NUMBER = {2},
     PAGES = {817--843},
      ISSN = {0021-8693},
     CODEN = {JALGA4},
   MRCLASS = {16K20 (11S15 16K50)},
  MRNUMBER = {2344586 (2008i:16018)},
MRREVIEWER = {Jan van Geel},
       DOI = {10.1016/j.jalgebra.2007.03.003},
       URL = {http://dx.doi.org/10.1016/j.jalgebra.2007.03.003},
}
%MR2344586,

@article {Sam,
    AUTHOR = {Samuel, P.},
     TITLE = {Anneaux gradu\'es factoriels et modules r\'eflexifs},
   JOURNAL = {Bull. Soc. Math. France},
  FJOURNAL = {Bulletin de la Soci\'et\'e Math\'ematique de France},
    VOLUME = {92},
      YEAR = {1964},
     PAGES = {237--249},
      ISSN = {0037-9484},
   MRCLASS = {13.15 (16.00)},
  MRNUMBER = {0186702 (32 \#4160)},
MRREVIEWER = {M. Nagata},
}
%MR0186702,

@book {Sch,
    AUTHOR = {Scharlau, W.},
     TITLE = {Quadratic and {H}ermitian forms},
    SERIES = {Grundlehren der Mathematischen Wissenschaften [Fundamental
              Principles of Mathematical Sciences]},
    VOLUME = {270},
 PUBLISHER = {Springer-Verlag, Berlin},
      YEAR = {1985},
     PAGES = {x+421},
      ISBN = {3-540-13724-6},
   MRCLASS = {11Exx (11-02 12D15 15A63 16A16 16A28)},
  MRNUMBER = {770063 (86k:11022)},
MRREVIEWER = {R. Ware},
       DOI = {10.1007/978-3-642-69971-9},
       URL = {http://dx.doi.org/10.1007/978-3-642-69971-9},
}
%MR770063,

@article {Sch2,
    AUTHOR = {Scharlau, W.},
     TITLE = {Klassifikation hermitescher {F}ormen \"uber lokalen
              {K}\"orpern},
   JOURNAL = {Math. Ann.},
  FJOURNAL = {Mathematische Annalen},
    VOLUME = {186},
      YEAR = {1970},
     PAGES = {201--208},
      ISSN = {0025-5831},
   MRCLASS = {16.99 (15.00)},
  MRNUMBER = {0263874 (41 \#8473)},
MRREVIEWER = {C. F. Moppert},
}
%MR0263874,

@book {Ser,
    AUTHOR = {Serre, J.-P.},
     TITLE = {Local fields},
    SERIES = {Graduate Texts in Mathematics},
    VOLUME = {67},
      NOTE = {Translated from the French by Marvin Jay Greenberg},
 PUBLISHER = {Springer-Verlag, New York-Berlin},
      YEAR = {1979},
     PAGES = {viii+241},
      ISBN = {0-387-90424-7},
   MRCLASS = {12Bxx},
  MRNUMBER = {554237 (82e:12016)},
}
%MR554237,

@book {Spr,
    AUTHOR = {Springer, T. A.},
     TITLE = {Linear algebraic groups},
    SERIES = {Progress in Mathematics},
    VOLUME = {9},
   EDITION = {Second},
 PUBLISHER = {Birkh\"auser Boston, Inc., Boston, MA},
      YEAR = {1998},
     PAGES = {xiv+334},
      ISBN = {0-8176-4021-5},
   MRCLASS = {20G15 (14L10)},
  MRNUMBER = {1642713 (99h:20075)},
MRREVIEWER = {Andy R. Magid},
       DOI = {10.1007/978-0-8176-4840-4},
       URL = {http://dx.doi.org/10.1007/978-0-8176-4840-4},
}
 %MR1642713,

@incollection {W2,
    AUTHOR = {Wadsworth, A. R.},
     TITLE = {Valuations on tensor products of symbol algebras},
 BOOKTITLE = {Azumaya algebras, actions, and modules ({B}loomington, {IN},
              1990)},
    SERIES = {Contemp. Math.},
    VOLUME = {124},
     PAGES = {275--289},
 PUBLISHER = {Amer. Math. Soc., Providence, RI},
      YEAR = {1992},
   MRCLASS = {16K20 (16W60)},
  MRNUMBER = {1144041 (93a:16015)},
MRREVIEWER = {Jean-Pierre Tignol},
       DOI = {10.1090/conm/124/1144041},
       URL = {http://dx.doi.org/10.1090/conm/124/1144041},
}
%MR1144041,

@article {MPW1,
    AUTHOR = {Merkurjev, A. S. and Panin, I. A. and Wadsworth, A. R.},
     TITLE = {Index reduction formulas for twisted flag varieties. {I}},
   JOURNAL = {$K$-Theory},
  FJOURNAL = {$K$-Theory. An Interdisciplinary Journal for the Development,
              Application, and Influence of $K$-Theory in the Mathematical
              Sciences},
    VOLUME = {10},
      YEAR = {1996},
    NUMBER = {6},
     PAGES = {517--596},
      ISSN = {0920-3036},
     CODEN = {KTHEEO},
   MRCLASS = {16K20 (14L30 19E08 20G05)},
  MRNUMBER = {1415325 (98c:16018)},
MRREVIEWER = {Jean-Pierre Tignol},
       DOI = {10.1007/BF00537543},
       URL = {http://dx.doi.org/10.1007/BF00537543},
}
%MR1415325,

@article {MPW2,
    AUTHOR = {Merkurjev, A. S. and Panin, I. A. and Wadsworth, A. R.},
     TITLE = {Index reduction formulas for twisted flag varieties. {II}},
   JOURNAL = {$K$-Theory},
  FJOURNAL = {$K$-Theory. An Interdisciplinary Journal for the Development,
              Application, and Influence of $K$-Theory in the Mathematical
              Sciences},
    VOLUME = {14},
      YEAR = {1998},
    NUMBER = {2},
     PAGES = {101--196},
      ISSN = {0920-3036},
     CODEN = {KTHEEO},
   MRCLASS = {16K20 (14L30 19E08 20G05)},
  MRNUMBER = {1628279 (99k:16037)},
MRREVIEWER = {Jean-Pierre Tignol},
       DOI = {10.1023/A:1007793218556},
       URL = {http://dx.doi.org/10.1023/A:1007793218556},
}
%MR1628279,

@incollection {Tits,
    AUTHOR = {Tits, J.},
     TITLE = {Classification of algebraic semisimple groups},
 BOOKTITLE = {Algebraic {G}roups and {D}iscontinuous {S}ubgroups ({P}roc.
              {S}ympos. {P}ure {M}ath., {B}oulder, {C}olo., 1965)},
     PAGES = {33--62},
 PUBLISHER = {Amer. Math. Soc., Providence, R.I., 1966},
      YEAR = {1966},
   MRCLASS = {20.27},
  MRNUMBER = {0224710 (37 \#309)},
MRREVIEWER = {R. Steinberg},
}
%MR0224710,

@article {COP,
    AUTHOR = {Colliot-Th{\'e}l{\`e}ne, J.-L. and Gille, P. and Parimala, R.},
     TITLE = {Arithmetic of linear algebraic groups over 2-dimensional
              geometric fields},
   JOURNAL = {Duke Math. J.},
  FJOURNAL = {Duke Mathematical Journal},
    VOLUME = {121},
      YEAR = {2004},
    NUMBER = {2},
     PAGES = {285--341},
      ISSN = {0012-7094},
     CODEN = {DUMJAO},
   MRCLASS = {11E76 (14G35 20G35)},
  MRNUMBER = {2034644 (2005f:11063)},
       DOI = {10.1215/S0012-7094-04-12124-4},
       URL = {http://dx.doi.org/10.1215/S0012-7094-04-12124-4},
}
%MR2034644,

@inproceedings{C9,
 author  = {Chevalley, Claude},
 title  = {Le normalisateur d'un groupe de Borel},
 booktitle = {S\'eminaire Claude Chevalley},
 volume  = {1},
 number  = {9},
 year  = {1956-1958},
}

@inproceedings{C17,
 author  = {Chevalley, Claude},
 title  = {Les sous-groupes radiciel},
 booktitle = {S\'eminaire Claude Chevalley},
 volume  = {2},
 number  = {17},
 year  = {1956-1958},
}

@book {SGA3.1,
     TITLE = {Sch\'emas en groupes. {I}: {P}ropri\'et\'es g\'en\'erales des
              sch\'emas en groupes},
    SERIES = {S\'eminaire de G\'eom\'etrie Alg\'ebrique du Bois Marie
              1962/64 (SGA 3). Dirig\'e par M. Demazure et A. Grothendieck.
              Lecture Notes in Mathematics, Vol. 151},
 PUBLISHER = {Springer-Verlag, Berlin-New York},
      YEAR = {1970},
     PAGES = {xv+564},
   MRCLASS = {14.50},
  MRNUMBER = {0274458 (43 \#223a)},
}
%MR0274458,

@book {SGA3.2,
     TITLE = {Sch\'emas en groupes. {II}: {G}roupes de type multiplicatif,
              et structure des sch\'emas en groupes g\'en\'eraux},
    SERIES = {S\'eminaire de G\'eom\'etrie Alg\'ebrique du Bois Marie
              1962/64 (SGA 3). Dirig\'e par M. Demazure et A. Grothendieck.
              Lecture Notes in Mathematics, Vol. 152},
 PUBLISHER = {Springer-Verlag, Berlin-New York},
      YEAR = {1970},
     PAGES = {ix+654},
   MRCLASS = {14.50},
  MRNUMBER = {0274459 (43 \#223b)},
}
%MR0274459,

@book {SGA3.3,
     TITLE = {Sch\'emas en groupes. {III}: {S}tructure des sch\'emas en
              groupes r\'eductifs},
    SERIES = {S\'eminaire de G\'eom\'etrie Alg\'ebrique du Bois Marie
              1962/64 (SGA 3). Dirig\'e par M. Demazure et A. Grothendieck.
              Lecture Notes in Mathematics, Vol. 153},
 PUBLISHER = {Springer-Verlag, Berlin-New York},
      YEAR = {1970},
     PAGES = {viii+529},
   MRCLASS = {14.50},
  MRNUMBER = {0274460 (43 \#223c)},
}
%MR0274460,

@article {BT,
    AUTHOR = {Borel, Armand and Tits, Jacques},
     TITLE = {Compl\'ements \`a l'article: ``{G}roupes r\'eductifs''},
   JOURNAL = {Inst. Hautes \'Etudes Sci. Publ. Math.},
  FJOURNAL = {Institut des Hautes \'Etudes Scientifiques. Publications
              Math\'ematiques},
    NUMBER = {41},
      YEAR = {1972},
     PAGES = {253--276},
      ISSN = {0073-8301},
   MRCLASS = {20G15 (14L15 22E20)},
  MRNUMBER = {0315007 (47 \#3556)},
MRREVIEWER = {F. D. Veldkamp},
}
%MR0315007,

@book {Borel,
    AUTHOR = {Borel, Armand},
     TITLE = {Linear algebraic groups},
    SERIES = {Graduate Texts in Mathematics},
    VOLUME = {126},
   EDITION = {Second},
 PUBLISHER = {Springer-Verlag, New York},
      YEAR = {1991},
     PAGES = {xii+288},
      ISBN = {0-387-97370-2},
   MRCLASS = {20-01 (20Gxx)},
  MRNUMBER = {1102012 (92d:20001)},
MRREVIEWER = {F. D. Veldkamp},
       DOI = {10.1007/978-1-4612-0941-6},
       URL = {http://dx.doi.org/10.1007/978-1-4612-0941-6},
}
%MR1102012,

@book {Balg8,
    AUTHOR = {Bourbaki, N.},
     TITLE = {\'{E}l\'ements de math\'ematique. {A}lg\`ebre. {C}hapitre 8.
              {M}odules et anneaux semi-simples},
      NOTE = {Second revised edition of the 1958 edition [MR0098114]},
 PUBLISHER = {Springer, Berlin},
      YEAR = {2012},
     PAGES = {x+489},
      ISBN = {978-3-540-35315-7; 978-3-540-35316-4},
   MRCLASS = {16-01},
  MRNUMBER = {3027127},
       DOI = {10.1007/978-3-540-35316-4},
       URL = {http://dx.doi.org/10.1007/978-3-540-35316-4},
}
%MR3027127,

@article {albert32,
    AUTHOR = {Albert, A. Adrian},
     TITLE = {Normal division algebras of degree four over an algebraic
              field},
   JOURNAL = {Trans. Amer. Math. Soc.},
  FJOURNAL = {Transactions of the American Mathematical Society},
    VOLUME = {34},
      YEAR = {1932},
    NUMBER = {2},
     PAGES = {363--372},
      ISSN = {0002-9947},
     CODEN = {TAMTAM},
   MRCLASS = {16K20 (12E15)},
  MRNUMBER = {1501642},
       DOI = {10.2307/1989546},
       URL = {http://dx.doi.org/10.2307/1989546},
}
%MR1501642,

@article {EGA2,
    AUTHOR = {Grothendieck, A.},
     TITLE = {\'{E}l\'ements de g\'eom\'etrie alg\'ebrique. {II}. \'{E}tude
              globale \'el\'ementaire de quelques classes de morphismes},
   JOURNAL = {Inst. Hautes \'Etudes Sci. Publ. Math.},
  FJOURNAL = {Institut des Hautes \'Etudes Scientifiques. Publications
              Math\'ematiques},
    NUMBER = {8},
      YEAR = {1961},
     PAGES = {222},
      ISSN = {0073-8301},
   MRCLASS = {14.55},
  MRNUMBER = {0217084 (36 \#177b)},
}
%MR0217084,

@book {DI,
    AUTHOR = {DeMeyer, Frank and Ingraham, Edward},
     TITLE = {Separable algebras over commutative rings},
    SERIES = {Lecture Notes in Mathematics, Vol. 181},
 PUBLISHER = {Springer-Verlag, Berlin-New York},
      YEAR = {1971},
     PAGES = {iv+157},
   MRCLASS = {13.70},
  MRNUMBER = {0280479 (43 \#6199)},
MRREVIEWER = {H. F. Kreimer},
}
%MR0280479,

@article {AG0,
    AUTHOR = {Auslander, Maurice and Goldman, Oscar},
     TITLE = {Maximal orders},
   JOURNAL = {Trans. Amer. Math. Soc.},
  FJOURNAL = {Transactions of the American Mathematical Society},
    VOLUME = {97},
      YEAR = {1960},
     PAGES = {1--24},
      ISSN = {0002-9947},
   MRCLASS = {16.00 (18.00)},
  MRNUMBER = {0117252 (22 \#8034)},
MRREVIEWER = {C. W. Curtis},
}
%MR0117252,

@book {PR,
    AUTHOR = {Platonov, Vladimir and Rapinchuk, Andrei},
     TITLE = {Algebraic groups and number theory},
    SERIES = {Pure and Applied Mathematics},
    VOLUME = {139},
      NOTE = {Translated from the 1991 Russian original by Rachel Rowen},
 PUBLISHER = {Academic Press, Inc., Boston, MA},
      YEAR = {1994},
     PAGES = {xii+614},
      ISBN = {0-12-558180-7},
   MRCLASS = {11E57 (11-02 20Gxx)},
  MRNUMBER = {1278263 (95b:11039)},
}
%MR1278263,

@article {LPS,
    AUTHOR = {Lieblich, Max and Parimala, R. and Suresh, V.},
     TITLE = {Colliot-{T}helene's conjecture and finiteness of
              {$u$}-invariants},
   JOURNAL = {Math. Ann.},
  FJOURNAL = {Mathematische Annalen},
    VOLUME = {360},
      YEAR = {2014},
    NUMBER = {1-2},
     PAGES = {1--22},
      ISSN = {0025-5831},
   MRCLASS = {14F22},
  MRNUMBER = {3263156},
       DOI = {10.1007/s00208-014-1022-x},
       URL = {http://dx.doi.org/10.1007/s00208-014-1022-x},
}
%MR3263156,

@book {Bcomm10,
    AUTHOR = {Bourbaki, N.},
     TITLE = {\'{E}l\'ements de math\'ematique. {A}lg\`ebre commutative.
              {C}hapitre 10},
      NOTE = {Reprint of the 1998 original},
 PUBLISHER = {Springer-Verlag, Berlin},
      YEAR = {2007},
     PAGES = {ii+187},
      ISBN = {978-3-540-34394-3; 3-540-34394-6},
   MRCLASS = {13-01},
  MRNUMBER = {2333539 (2008h:13001)},
MRREVIEWER = {Anne-Marie Simon},
}
%MR2333539,

@article {Az,
    AUTHOR = {Azumaya, Gor{\^o}},
     TITLE = {On maximally central algebras},
   JOURNAL = {Nagoya Math. J.},
  FJOURNAL = {Nagoya Mathematical Journal},
    VOLUME = {2},
      YEAR = {1951},
     PAGES = {119--150},
      ISSN = {0027-7630},
   MRCLASS = {09.1X},
  MRNUMBER = {0040287 (12,669g)},
MRREVIEWER = {I. Kaplansky},
}
%MR0040287,

@book {Lam,
    AUTHOR = {Lam, T. Y.},
     TITLE = {Introduction to quadratic forms over fields},
    SERIES = {Graduate Studies in Mathematics},
    VOLUME = {67},
 PUBLISHER = {American Mathematical Society, Providence, RI},
      YEAR = {2005},
     PAGES = {xxii+550},
      ISBN = {0-8218-1095-2},
   MRCLASS = {11Exx},
  MRNUMBER = {2104929 (2005h:11075)},
MRREVIEWER = {K. Szymiczek},
}
%MR2104929,

@book {Balg47,
    AUTHOR = {Bourbaki, Nicolas},
     TITLE = {Algebra {II}. {C}hapters 4--7},
    SERIES = {Elements of Mathematics (Berlin)},
      NOTE = {Translated from the 1981 French edition by P. M. Cohn and J. Howie,
              Reprint of the 1990 English edition [Springer, Berlin;
              MR1080964 (91h:00003)]},
 PUBLISHER = {Springer-Verlag, Berlin},
      YEAR = {2003},
     PAGES = {viii+461},
      ISBN = {3-540-00706-7},
   MRCLASS = {00A05 (12-01 13-01)},
  MRNUMBER = {1994218},
       DOI = {10.1007/978-3-642-61698-3},
       URL = {http://dx.doi.org/10.1007/978-3-642-61698-3},
}
%MR1994218,

@article {P14,
    AUTHOR = {Parimala, R.},
     TITLE = {A {H}asse principle for quadratic forms over function fields},
   JOURNAL = {Bull. Amer. Math. Soc. (N.S.)},
  FJOURNAL = {American Mathematical Society. Bulletin. New Series},
    VOLUME = {51},
      YEAR = {2014},
    NUMBER = {3},
     PAGES = {447--461},
      ISSN = {0273-0979},
   MRCLASS = {11E04 (11-03 11G35 11R58)},
  MRNUMBER = {3196794},
MRREVIEWER = {Pete L. Clark},
       DOI = {10.1090/S0273-0979-2014-01443-0},
       URL = {http://dx.doi.org/10.1090/S0273-0979-2014-01443-0},
}
%MR3196794,

@book {Pie,
    AUTHOR = {Pierce, Richard S.},
     TITLE = {Associative algebras},
    SERIES = {Graduate Texts in Mathematics},
    VOLUME = {88},
      NOTE = {Studies in the History of Modern Science, 9},
 PUBLISHER = {Springer-Verlag, New York-Berlin},
      YEAR = {1982},
     PAGES = {xii+436},
      ISBN = {0-387-90693-2},
   MRCLASS = {16-01 (12-01)},
  MRNUMBER = {674652 (84c:16001)},
MRREVIEWER = {S. S. Page},
}
%MR674652,

@article {BM,
    AUTHOR = {Becher, Karim Johannes and Mahmoudi, Mohammad G.},
     TITLE = {The orthogonal {$u$}-invariant of a quaternion algebra},
   JOURNAL = {Bull. Belg. Math. Soc. Simon Stevin},
  FJOURNAL = {Bulletin of the Belgian Mathematical Society. Simon Stevin},
    VOLUME = {17},
      YEAR = {2010},
    NUMBER = {1},
     PAGES = {181--192},
      ISSN = {1370-1444},
   MRCLASS = {11E39 (11E04 11E81 16K20)},
  MRNUMBER = {2656680 (2011d:11089)},
MRREVIEWER = {Detlev W. Hoffmann},
       URL = {http://projecteuclid.org/euclid.bbms/1267798507},
}
%MR2656680,

@article {Land,
    AUTHOR = {Landherr, W.},
     TITLE = {Liesche ringe vom typus a \"uber einem algebraischen
              zahlk\"orper (die lineare gruppe) und hermitesche formen
              \"uber einem schiefk\"orper},
   JOURNAL = {Abh. Math. Sem. Univ. Hamburg},
  FJOURNAL = {Abhandlungen aus dem Mathematischen Seminar der Universit\"at
              Hamburg},
    VOLUME = {12},
      YEAR = {1937},
    NUMBER = {1},
     PAGES = {200--241},
      ISSN = {0025-5858},
     CODEN = {AMHAAJ},
   MRCLASS = {Contributed Item},
  MRNUMBER = {3069686},
       DOI = {10.1007/BF02948944},
       URL = {http://dx.doi.org/10.1007/BF02948944},
}
%MR3069686,

@article {Mah,
    AUTHOR = {Mahmoudi, M. G.},
     TITLE = {Hermitian forms and the {$u$}-invariant},
   JOURNAL = {Manuscripta Math.},
  FJOURNAL = {Manuscripta Mathematica},
    VOLUME = {116},
      YEAR = {2005},
    NUMBER = {4},
     PAGES = {493--516},
      ISSN = {0025-2611},
     CODEN = {MSMHB2},
   MRCLASS = {11E39 (11E04 11E57 11E81 16K20 16W10)},
  MRNUMBER = {2140216 (2005k:11078)},
MRREVIEWER = {Detlev W. Hoffmann},
       DOI = {10.1007/s00229-005-0541-x},
       URL = {http://dx.doi.org/10.1007/s00229-005-0541-x},
}
%MR2140216,

@article {PS,
    AUTHOR = {Parihar, Sudeep S. and Suresh, V.},
     TITLE = {On the {$u$}-invariant of {H}ermitian forms},
   JOURNAL = {Proc. Indian Acad. Sci. Math. Sci.},
  FJOURNAL = {Indian Academy of Sciences. Proceedings. Mathematical
              Sciences},
    VOLUME = {123},
      YEAR = {2013},
    NUMBER = {3},
     PAGES = {303--313},
      ISSN = {0253-4142},
   MRCLASS = {11E81 (11E04 16K20)},
  MRNUMBER = {3102374},
MRREVIEWER = {Andrew Dolphin},
       DOI = {10.1007/s12044-013-0131-x},
       URL = {http://dx.doi.org/10.1007/s12044-013-0131-x},
}

@article {L,
    AUTHOR = {Leep, David B.},
     TITLE = {The {$u$}-invariant of {$p$}-adic function fields},
   JOURNAL = {J. Reine Angew. Math.},
  FJOURNAL = {Journal f\"ur die Reine und Angewandte Mathematik. [Crelle's
              Journal]},
    VOLUME = {679},
      YEAR = {2013},
     PAGES = {65--73},
      ISSN = {0075-4102},
   MRCLASS = {11D72 (11D79 11D88)},
  MRNUMBER = {3065154},
MRREVIEWER = {Timothy D. Browning},
}
%MR3065154,

@article {PS10,
    AUTHOR = {Parimala, R. and Suresh, V.},
     TITLE = {The {$u$}-invariant of the function fields of {$p$}-adic
              curves},
   JOURNAL = {Ann. of Math. (2)},
  FJOURNAL = {Annals of Mathematics. Second Series},
    VOLUME = {172},
      YEAR = {2010},
    NUMBER = {2},
     PAGES = {1391--1405},
      ISSN = {0003-486X},
     CODEN = {ANMAAH},
   MRCLASS = {11E04 (11E08 11E81 12G05)},
  MRNUMBER = {2680494 (2011g:11074)},
MRREVIEWER = {Detlev W. Hoffmann},
       DOI = {10.4007/annals.2010.172.1397},
       URL = {http://dx.doi.org/10.4007/annals.2010.172.1397},
}
%MR2680494,

@unpublished{Wu,
 author = {Wu, Zhengyao},
 title = {Hasse principle for Hermitian
 spaces over semi-global fields},
 year = {2015},
 note = {\href{http://arxiv.org/abs/1510.04640}{arXiv:1510.04640}},
}
%\bibitem[Wu14]{W}
%Z.~Wu,
%\textit{A Hasse principle for hermitian forms},
%(2014) in preparation.

@article {T,
    AUTHOR = {Tsukamoto, Takashi},
     TITLE = {On the local theory of quaternionic anti-hermitian forms},
   JOURNAL = {J. Math. Soc. Japan},
  FJOURNAL = {Journal of the Mathematical Society of Japan},
    VOLUME = {13},
      YEAR = {1961},
     PAGES = {387--400},
      ISSN = {0025-5645},
   MRCLASS = {10.15 (10.16)},
  MRNUMBER = {0136662 (25 \#127)},
MRREVIEWER = {J. Dieudonn{\'e}},
}

@article {CDTWY,
    AUTHOR = {Chacron, M. and Dherte, H. and Tignol, J.-P. and Wadsworth, A.
              R. and Yanchevski{\u\i}, V. I.},
     TITLE = {Discriminants of involutions on {H}enselian division algebras},
   JOURNAL = {Pacific J. Math.},
  FJOURNAL = {Pacific Journal of Mathematics},
    VOLUME = {167},
      YEAR = {1995},
    NUMBER = {1},
     PAGES = {49--79},
      ISSN = {0030-8730},
     CODEN = {PJMAAI},
   MRCLASS = {16K20 (12E15 12J25)},
  MRNUMBER = {1318164 (95k:16020)},
MRREVIEWER = {B. Fein},
       URL = {http://projecteuclid.org/euclid.pjm/1102620975},
}

@article {Leep-sys,
    AUTHOR = {Leep, David B.},
     TITLE = {Systems of quadratic forms},
   JOURNAL = {J. Reine Angew. Math.},
  FJOURNAL = {Journal f\"ur die Reine und Angewandte Mathematik},
    VOLUME = {350},
      YEAR = {1984},
     PAGES = {109--116},
      ISSN = {0075-4102},
     CODEN = {JRMAA8},
   MRCLASS = {11D72 (11E08)},
  MRNUMBER = {743536 (85j:11038)},
MRREVIEWER = {D. J. Lewis},
       DOI = {10.1515/crll.1984.350.109},
       URL = {http://dx.doi.org/10.1515/crll.1984.350.109},
}

@Article{Chevalley,
    Author = {Claude {Chevalley}},
    Title = {{D\'emonstration d'une hypoth\`ese de M. Artin.}},
    FJournal = {{Abhandlungen aus dem Mathematischen Seminar der Universit\"at Hamburg}},
    Journal = {{Abh. Math. Semin. Univ. Hamb.}},
    ISSN = {0025-5858; 1865-8784/e},
    Volume = {11},
    Pages = {73--75},
    Year = {1935},
    Publisher = {Springer, Berlin/Heidelberg},
    Language = {French},
    DOI = {10.1007/BF02940714},
    Zbl = {0011.14504}
}

@Article{Che58,
 Author = {Claude {Chevalley}},
 Title = {{Classification des groupes de Lie alg\'ebriques}},
 Journal = {{S\'em. Ec. Norm. Sup.}},
 Year = {1958},
 Publisher = {Paris},
}

@Article{Warning,
    Author = {Ewald {Warning}},
    Title = {{Bemerkung zur vorstehenden Arbeit von Herrn Chevalley.}},
    FJournal = {{Abhandlungen aus dem Mathematischen Seminar der Universit\"at Hamburg}},
    Journal = {{Abh. Math. Semin. Univ. Hamb.}},
    ISSN = {0025-5858; 1865-8784/e},
    Volume = {11},
    Pages = {76--83},
    Year = {1935},
    Publisher = {Springer, Berlin/Heidelberg},
    Language = {German},
    DOI = {10.1007/BF02940715},
    Zbl = {0011.14601}
}

@article {ABHN1,
 AUTHOR = {Brauer, R. and Noether, E. and Hasse, H.},
 TITLE = {Beweis eines {H}auptsatzes in der {T}heorie der {A}lgebren},
 JOURNAL = {J. Reine Angew. Math.},
 FJOURNAL = {Journal f\"ur die Reine und Angewandte Mathematik. [Crelle's
  Journal]},
 VOLUME = {167},
 YEAR = {1932},
 PAGES = {399--404},
 ISSN = {0075-4102},
 MRCLASS = {Contributed Item},
 MRNUMBER = {1581351},
 DOI = {10.1515/crll.1932.167.399},
 URL = {http://dx.doi.org/10.1515/crll.1932.167.399},
}

@article {ABHN2,
 AUTHOR = {Albert, A. Adrian and Hasse, Helmut},
 TITLE = {A determination of all normal division algebras over an
  algebraic number field},
 JOURNAL = {Trans. Amer. Math. Soc.},
 FJOURNAL = {Transactions of the American Mathematical Society},
 VOLUME = {34},
 YEAR = {1932},
 NUMBER = {3},
 PAGES = {722--726},
 ISSN = {0002-9947},
 CODEN = {TAMTAM},
 MRCLASS = {11R52 (12E15 16K20)},
 MRNUMBER = {1501659},
 DOI = {10.2307/1989375},
 URL = {http://dx.doi.org/10.2307/1989375},
}

@incollection {BrIII,
    AUTHOR = {Grothendieck, Alexander},
     TITLE = {Le groupe de {B}rauer. {III}. {E}xemples et compl\'ements},
 BOOKTITLE = {Dix expos\'es sur la cohomologie des sch\'emas},
    SERIES = {Adv. Stud. Pure Math.},
    VOLUME = {3},
     PAGES = {88--188},
 PUBLISHER = {North-Holland, Amsterdam},
      YEAR = {1968},
   MRCLASS = {14F22},
  MRNUMBER = {244271},
MRREVIEWER = {James Milne},
}

@incollection {BrII,
    AUTHOR = {Grothendieck, Alexander},
     TITLE = {Le groupe de {B}rauer. {II}. {T}h\'eorie cohomologique},
 BOOKTITLE = {Dix expos\'es sur la cohomologie des sch\'emas},
    SERIES = {Adv. Stud. Pure Math.},
    VOLUME = {3},
     PAGES = {67--87},
 PUBLISHER = {North-Holland, Amsterdam},
      YEAR = {1968},
   MRCLASS = {14F22},
  MRNUMBER = {244270},
MRREVIEWER = {James Milne},
}

@incollection {BrI,
    AUTHOR = {Grothendieck, Alexander},
     TITLE = {Le groupe de {B}rauer. {I}. {A}lg\`ebres d'{A}zumaya et
              interpr\'etations diverses},
 BOOKTITLE = {Dix expos\'es sur la cohomologie des sch\'emas},
    SERIES = {Adv. Stud. Pure Math.},
    VOLUME = {3},
     PAGES = {46--66},
 PUBLISHER = {North-Holland, Amsterdam},
      YEAR = {1968},
   MRCLASS = {14F22},
  MRNUMBER = {244269},
MRREVIEWER = {James Milne},
}

@incollection {Abh,
  AUTHOR = {Abhyankar, Shreeram Shankar},
   TITLE = {Resolution of singularities of algebraic surfaces},
 BOOKTITLE = {Algebraic {G}eometry ({I}nternat. {C}olloq., {T}ata {I}nst.
       {F}und. {R}es., {B}ombay, 1968)},
   PAGES = {1--11},
 PUBLISHER = {Oxford Univ. Press, London},
   YEAR = {1969},
  MRCLASS = {14.18},
 MRNUMBER = {0257080 (41 \#1734)},
MRREVIEWER = {Joseph Lipman},
}

@book {OM,
    AUTHOR = {O'Meara, O. T.},
     TITLE = {Introduction to quadratic forms},
    SERIES = {Die Grundlehren der mathematischen Wissenschaften, Bd. 117},
 PUBLISHER = {Academic Press, Inc., Publishers, New York; Springer-Verlag,
              Berlin-G\"ottingen-Heidelberg},
      YEAR = {1963},
     PAGES = {xi+342},
   MRCLASS = {10.16 (12.70)},
  MRNUMBER = {0152507 (27 \#2485)},
MRREVIEWER = {K. Iwasawa},
}

@book {TW15,
    AUTHOR = {Tignol, Jean-Pierre and Wadsworth, Adrian R.},
     TITLE = {Value functions on simple algebras, and associated graded
              rings},
    SERIES = {Springer Monographs in Mathematics},
 PUBLISHER = {Springer, Cham},
      YEAR = {2015},
     PAGES = {xvi+643},
      ISBN = {978-3-319-16359-8; 978-3-319-16360-4},
   MRCLASS = {16K20 (12Fxx 16K50 16W50 16W60 19Bxx)},
  MRNUMBER = {3328410},
}

@article {Heath-Brown,
    AUTHOR = {Heath-Brown, D. R.},
     TITLE = {Zeros of systems of {$p$}-adic quadratic forms},
   JOURNAL = {Compos. Math.},
  FJOURNAL = {Compositio Mathematica},
    VOLUME = {146},
      YEAR = {2010},
    NUMBER = {2},
     PAGES = {271--287},
      ISSN = {0010-437X},
   MRCLASS = {11E08 (11D72 11D79 11D88)},
  MRNUMBER = {2601629 (2011e:11066)},
MRREVIEWER = {Alexandra Shlapentokh},
       DOI = {10.1112/S0010437X09004497},
       URL = {http://dx.doi.org/10.1112/S0010437X09004497},
}

@article {Lang,
 AUTHOR = {Lang, Serge},
 TITLE = {On quasi algebraic closure},
 JOURNAL = {Ann. of Math. (2)},
 FJOURNAL = {Annals of Mathematics. Second Series},
 VOLUME = {55},
 YEAR = {1952},
 PAGES = {373--390},
 ISSN = {0003-486X},
 MRCLASS = {10.0X},
 MRNUMBER = {0046388 (13,726d)},
 MRREVIEWER = {T. Nakayama},
}

@article {MS,
    AUTHOR = {Merkurjev, A. S. and Suslin, A. A.},
     TITLE = {{$K$}-cohomology of {S}everi-{B}rauer varieties and the norm
              residue homomorphism},
   JOURNAL = {Izv. Akad. Nauk SSSR Ser. Mat.},
  FJOURNAL = {Izvestiya Akademii Nauk SSSR. Seriya Matematicheskaya},
    VOLUME = {46},
      YEAR = {1982},
    NUMBER = {5},
     PAGES = {1011--1046, 1135--1136},
      ISSN = {0373-2436},
   MRCLASS = {12A62 (12G05 14C35 14F12 14F15 14G25 18F25)},
  MRNUMBER = {675529 (84i:12007)},
MRREVIEWER = {Maksymilian Boraty{\'n}ski},
}

@article {Mer81,
    AUTHOR = {Merkurjev, A. S.},
     TITLE = {On the norm residue symbol of degree {$2$}},
   JOURNAL = {Dokl. Akad. Nauk SSSR},
  FJOURNAL = {Doklady Akademii Nauk SSSR},
    VOLUME = {261},
      YEAR = {1981},
    NUMBER = {3},
     PAGES = {542--547},
      ISSN = {0002-3264},
   MRCLASS = {12A60 (13A20)},
  MRNUMBER = {638926 (83h:12015)},
MRREVIEWER = {Thomas Zink},
}

@article {W1,
    AUTHOR = {Wadsworth, Adrian R.},
     TITLE = {Extending valuations to finite-dimensional division algebras},
   JOURNAL = {Proc. Amer. Math. Soc.},
  FJOURNAL = {Proceedings of the American Mathematical Society},
    VOLUME = {98},
      YEAR = {1986},
    NUMBER = {1},
     PAGES = {20--22},
      ISSN = {0002-9939},
     CODEN = {PAMYAR},
   MRCLASS = {16A39 (12E15)},
  MRNUMBER = {848866 (87i:16025)},
MRREVIEWER = {P. M. Cohn},
       DOI = {10.2307/2045758},
       URL = {http://dx.doi.org/10.2307/2045758},
}

@book {Die,
 AUTHOR = {Dieudonn{\'e}, Jean},
 TITLE = {La g\'eom\'etrie des groupes classiques},
 SERIES = {Seconde \'edition, revue et corrig\'ee},
 PUBLISHER = {Springer-Verlag, Berlin-G\"ottingen-Heidelberg},
 YEAR = {1963},
 PAGES = {viii+125},
 MRCLASS = {20.70},
 MRNUMBER = {0158011},
}

@article {Jac,
 AUTHOR = {Jacobson, N.},
 TITLE = {A {N}ote on {T}opological {F}ields},
 JOURNAL = {Amer. J. Math.},
 FJOURNAL = {American Journal of Mathematics},
 VOLUME = {59},
 YEAR = {1937},
 NUMBER = {4},
 PAGES = {889--894},
 ISSN = {0002-9327},
 CODEN = {AJMAAN},
 MRCLASS = {Contributed Item},
 MRNUMBER = {1507289},
 DOI = {10.2307/2371355},
 URL = {http://dx.doi.org/10.2307/2371355},
}

@article {Weil,
 AUTHOR = {Weil, Andr{\'e}},
 TITLE = {Algebras with involutions and the classical groups},
 JOURNAL = {J. Indian Math. Soc. (N.S.)},
 VOLUME = {24},
 YEAR = {1960},
 PAGES = {589--623 (1961)},
 MRCLASS = {22.50 (16.46)},
 MRNUMBER = {0136682},
 MRREVIEWER = {J. Dieudonn{\'e}},
}
